<?xml version="1.0" encoding="UTF-8"?><collection xmlns="http://www.loc.gov/MARC21/slim"><record><leader>00663nam--2200241-u-4500</leader><controlfield tag="001">000050387</controlfield><controlfield tag="002">20161230</controlfield><controlfield tag="003">81798</controlfield><controlfield tag="005">20170115231337</controlfield><controlfield tag="008">070223s1000------------r-----000-0-eng-d</controlfield><datafield ind1=" " ind2=" " tag="020"><subfield code="a">0-471-42945-7</subfield></datafield><datafield ind1=" " ind2=" " tag="040"><subfield code="a">IFIN-HH</subfield></datafield><datafield ind1=" " ind2=" " tag="041"><subfield code="a">eng</subfield></datafield><datafield ind1=" " ind2=" " tag="080"><subfield code="a">530.145:539.1:517.927</subfield></datafield><datafield ind1="1" ind2="0" tag="100"><subfield code="a">Gasiorowicz, Stephen</subfield></datafield><datafield ind1="1" ind2="0" tag="245"><subfield code="a">Quantum Physics</subfield><subfield code="c">Stephen Gasiorowicz</subfield></datafield><datafield ind1=" " ind2=" " tag="250"><subfield code="a">Third Edition</subfield></datafield><datafield ind1=" " ind2=" " tag="260"><subfield code="a">Hoboken,N.J</subfield><subfield code="b">John Wiley &amp; Sons</subfield><subfield code="c">2003</subfield></datafield><datafield ind1=" " ind2=" " tag="300"><subfield code="a">IX, 336 p</subfield><subfield code="b">ill</subfield></datafield><datafield ind1=" " ind2=" " tag="504"><subfield code="a">Includes bibliographical references (p. 330-332) and index</subfield></datafield><datafield ind1=" " ind2="4" tag="650"><subfield code="a">Quantum field theory</subfield></datafield><datafield ind1=" " ind2=" " tag="852"><subfield code="a">81798</subfield><subfield code="c">530.14</subfield></datafield><datafield ind1=" " ind2=" " tag="CAT"><subfield code="a">SYS</subfield><subfield code="c">20170115</subfield><subfield code="h">231337</subfield></datafield></record></collection>